@inproceedings{kolovos06eol,
  author    = {Kolovos, D.S. and Paige, R.F. and Polack, F.A.},
  title     = {{The Epsilon Object Language (EOL)}},
  booktitle = {Proc. European Conference on Model-Driven Architecture - Foundations and Applications (ECMDA-FA)},
  year      = {2006},
  pages     = {128--142},
  location  = {Bilbao, Spain},
  series    = {Lecture Notes in Computer Science},
  volume    = {4066},
  publisher = {Springer},
  editor    = {Rensink, A. and Warmer, J.},
}

@inproceedings{eshuis09translating,
  author    = {Eshuis, R.},
  title     = {{Translating Safe Petri Nets to Statecharts in a Structure-Preserving Way}},
  booktitle = {Proc. Formal Methods (FM)},
  year      = {2009},
  pages     = {239--255},
  series    = {Lecture Notes in Computer Science},
  volume    = {5850},
  publisher = {Springer},
  editor    = {Cavalcanti, A. and Dams, D.R.},
}